@misc{dosovitskiy2021imageworth16x16words,
  title         = {An Image is Worth 16x16 Words: Transformers for Image Recognition at Scale},
  author        = {Alexey Dosovitskiy and Lucas Beyer and Alexander Kolesnikov and Dirk Weissenborn and Xiaohua Zhai and Thomas Unterthiner and Mostafa Dehghani and Matthias Minderer and Georg Heigold and Sylvain Gelly and Jakob Uszkoreit and Neil Houlsby},
  year          = {2021},
  eprint        = {2010.11929},
  archiveprefix = {arXiv},
  primaryclass  = {cs.CV},
  url           = {https://arxiv.org/abs/2010.11929}
}

@misc{chen20242023lowpowercomputervision,
  title         = {2023 Low-Power Computer Vision Challenge (LPCVC) Summary},
  author        = {Leo Chen and Benjamin Boardley and Ping Hu and Yiru Wang and Yifan Pu and Xin Jin and Yongqiang Yao and Ruihao Gong and Bo Li and Gao Huang and Xianglong Liu and Zifu Wan and Xinwang Chen and Ning Liu and Ziyi Zhang and Dongping Liu and Ruijie Shan and Zhengping Che and Fachao Zhang and Xiaofeng Mou and Jian Tang and Maxim Chuprov and Ivan Malofeev and Alexander Goncharenko and Andrey Shcherbin and Arseny Yanchenko and Sergey Alyamkin and Xiao Hu and George K. Thiruvathukal and Yung Hsiang Lu},
  year          = {2024},
  eprint        = {2403.07153},
  archiveprefix = {arXiv},
  primaryclass  = {cs.CV},
  url           = {https://arxiv.org/abs/2403.07153}
}

@misc{hinton2015distillingknowledgeneuralnetwork,
  title         = {Distilling the Knowledge in a Neural Network},
  author        = {Geoffrey Hinton and Oriol Vinyals and Jeff Dean},
  year          = {2015},
  eprint        = {1503.02531},
  archiveprefix = {arXiv},
  primaryclass  = {stat.ML},
  url           = {https://arxiv.org/abs/1503.02531}
}

@misc{deepseekai2025deepseekv3technicalreport,
  title         = {DeepSeek-V3 Technical Report},
  author        = {DeepSeek-AI and Aixin Liu and Bei Feng and Bing Xue and Bingxuan Wang and Bochao Wu and Chengda Lu and Chenggang Zhao and Chengqi Deng and Chenyu Zhang and Chong Ruan and Damai Dai and Daya Guo and Dejian Yang and Deli Chen and Dongjie Ji and Erhang Li and Fangyun Lin and Fucong Dai and Fuli Luo and Guangbo Hao and Guanting Chen and Guowei Li and H. Zhang and Han Bao and Hanwei Xu and Haocheng Wang and Haowei Zhang and Honghui Ding and Huajian Xin and Huazuo Gao and Hui Li and Hui Qu and J. L. Cai and Jian Liang and Jianzhong Guo and Jiaqi Ni and Jiashi Li and Jiawei Wang and Jin Chen and Jingchang Chen and Jingyang Yuan and Junjie Qiu and Junlong Li and Junxiao Song and Kai Dong and Kai Hu and Kaige Gao and Kang Guan and Kexin Huang and Kuai Yu and Lean Wang and Lecong Zhang and Lei Xu and Leyi Xia and Liang Zhao and Litong Wang and Liyue Zhang and Meng Li and Miaojun Wang and Mingchuan Zhang and Minghua Zhang and Minghui Tang and Mingming Li and Ning Tian and Panpan Huang and Peiyi Wang and Peng Zhang and Qiancheng Wang and Qihao Zhu and Qinyu Chen and Qiushi Du and R. J. Chen and R. L. Jin and Ruiqi Ge and Ruisong Zhang and Ruizhe Pan and Runji Wang and Runxin Xu and Ruoyu Zhang and Ruyi Chen and S. S. Li and Shanghao Lu and Shangyan Zhou and Shanhuang Chen and Shaoqing Wu and Shengfeng Ye and Shengfeng Ye and Shirong Ma and Shiyu Wang and Shuang Zhou and Shuiping Yu and Shunfeng Zhou and Shuting Pan and T. Wang and Tao Yun and Tian Pei and Tianyu Sun and W. L. Xiao and Wangding Zeng and Wanjia Zhao and Wei An and Wen Liu and Wenfeng Liang and Wenjun Gao and Wenqin Yu and Wentao Zhang and X. Q. Li and Xiangyue Jin and Xianzu Wang and Xiao Bi and Xiaodong Liu and Xiaohan Wang and Xiaojin Shen and Xiaokang Chen and Xiaokang Zhang and Xiaosha Chen and Xiaotao Nie and Xiaowen Sun and Xiaoxiang Wang and Xin Cheng and Xin Liu and Xin Xie and Xingchao Liu and Xingkai Yu and Xinnan Song and Xinxia Shan and Xinyi Zhou and Xinyu Yang and Xinyuan Li and Xuecheng Su and Xuheng Lin and Y. K. Li and Y. Q. Wang and Y. X. Wei and Y. X. Zhu and Yang Zhang and Yanhong Xu and Yanhong Xu and Yanping Huang and Yao Li and Yao Zhao and Yaofeng Sun and Yaohui Li and Yaohui Wang and Yi Yu and Yi Zheng and Yichao Zhang and Yifan Shi and Yiliang Xiong and Ying He and Ying Tang and Yishi Piao and Yisong Wang and Yixuan Tan and Yiyang Ma and Yiyuan Liu and Yongqiang Guo and Yu Wu and Yuan Ou and Yuchen Zhu and Yuduan Wang and Yue Gong and Yuheng Zou and Yujia He and Yukun Zha and Yunfan Xiong and Yunxian Ma and Yuting Yan and Yuxiang Luo and Yuxiang You and Yuxuan Liu and Yuyang Zhou and Z. F. Wu and Z. Z. Ren and Zehui Ren and Zhangli Sha and Zhe Fu and Zhean Xu and Zhen Huang and Zhen Zhang and Zhenda Xie and Zhengyan Zhang and Zhewen Hao and Zhibin Gou and Zhicheng Ma and Zhigang Yan and Zhihong Shao and Zhipeng Xu and Zhiyu Wu and Zhongyu Zhang and Zhuoshu Li and Zihui Gu and Zijia Zhu and Zijun Liu and Zilin Li and Ziwei Xie and Ziyang Song and Ziyi Gao and Zizheng Pan},
  year          = {2025},
  eprint        = {2412.19437},
  archiveprefix = {arXiv},
  primaryclass  = {cs.CL},
  url           = {https://arxiv.org/abs/2412.19437}
}

@misc{jacob2017quantizationtrainingneuralnetworks,
  title         = {Quantization and Training of Neural Networks for Efficient Integer-Arithmetic-Only Inference},
  author        = {Benoit Jacob and Skirmantas Kligys and Bo Chen and Menglong Zhu and Matthew Tang and Andrew Howard and Hartwig Adam and Dmitry Kalenichenko},
  year          = {2017},
  eprint        = {1712.05877},
  archiveprefix = {arXiv},
  primaryclass  = {cs.LG},
  url           = {https://arxiv.org/abs/1712.05877}
}

@misc{pan2022edgevitscompetinglightweightcnns,
  title         = {EdgeViTs: Competing Light-weight CNNs on Mobile Devices with Vision Transformers},
  author        = {Junting Pan and Adrian Bulat and Fuwen Tan and Xiatian Zhu and Lukasz Dudziak and Hongsheng Li and Georgios Tzimiropoulos and Brais Martinez},
  year          = {2022},
  eprint        = {2205.03436},
  archiveprefix = {arXiv},
  primaryclass  = {cs.CV},
  url           = {https://arxiv.org/abs/2205.03436}
}

@misc{liu2019autocompressautomaticdnnstructured,
  title         = {AutoCompress: An Automatic DNN Structured Pruning Framework for Ultra-High Compression Rates},
  author        = {Ning Liu and Xiaolong Ma and Zhiyuan Xu and Yanzhi Wang and Jian Tang and Jieping Ye},
  year          = {2019},
  eprint        = {1907.03141},
  archiveprefix = {arXiv},
  primaryclass  = {cs.LG},
  url           = {https://arxiv.org/abs/1907.03141}
}

@misc{zhuang2019discriminationawarechannelpruningdeep,
  title         = {Discrimination-aware Channel Pruning for Deep Neural Networks},
  author        = {Zhuangwei Zhuang and Mingkui Tan and Bohan Zhuang and Jing Liu and Yong Guo and Qingyao Wu and Junzhou Huang and Jinhui Zhu},
  year          = {2019},
  eprint        = {1810.11809},
  archiveprefix = {arXiv},
  primaryclass  = {cs.CV},
  url           = {https://arxiv.org/abs/1810.11809}
}

@misc{touvron2021trainingdataefficientimagetransformers,
  title         = {Training data-efficient image transformers and distillation through attention},
  author        = {Hugo Touvron and Matthieu Cord and Matthijs Douze and Francisco Massa and Alexandre Sablayrolles and Hervé Jégou},
  year          = {2021},
  eprint        = {2012.12877},
  archiveprefix = {arXiv},
  primaryclass  = {cs.CV},
  url           = {https://arxiv.org/abs/2012.12877}
}

@misc{yu2024imageworth32tokens,
  title         = {An Image is Worth 32 Tokens for Reconstruction and Generation},
  author        = {Qihang Yu and Mark Weber and Xueqing Deng and Xiaohui Shen and Daniel Cremers and Liang-Chieh Chen},
  year          = {2024},
  eprint        = {2406.07550},
  archiveprefix = {arXiv},
  primaryclass  = {cs.CV},
  url           = {https://arxiv.org/abs/2406.07550}
}

@misc{bolya2023tokenmergingvitfaster,
  title         = {Token Merging: Your ViT But Faster},
  author        = {Daniel Bolya and Cheng-Yang Fu and Xiaoliang Dai and Peizhao Zhang and Christoph Feichtenhofer and Judy Hoffman},
  year          = {2023},
  eprint        = {2210.09461},
  archiveprefix = {arXiv},
  primaryclass  = {cs.CV},
  url           = {https://arxiv.org/abs/2210.09461}
}

